<?xml version="1.0" encoding="UTF-8"?><collection xmlns="http://www.loc.gov/MARC21/slim"><record><leader>00418nam--2200157-i-4500</leader><controlfield tag="001">000021000</controlfield><controlfield tag="002">20161230</controlfield><controlfield tag="005">20161230201034</controlfield><controlfield tag="008">060222s1000------------r-----000-0-eng-d</controlfield><datafield ind1=" " ind2=" " tag="020"><subfield code="a">3-540-54</subfield></datafield><datafield ind1=" " ind2=" " tag="080"><subfield code="a">530.145.3</subfield></datafield><datafield ind1=" " ind2=" " tag="100"><subfield code="a">Schwartz, Albert S</subfield></datafield><datafield ind1=" " ind2=" " tag="245"><subfield code="a">Quantum field theory and topology</subfield></datafield><datafield ind1=" " ind2=" " tag="260"><subfield code="a">Berlin, Springer-verlag, 1993. 276 P</subfield></datafield><datafield ind1=" " ind2=" " tag="490"><subfield code="a">A Series Of Comprehensive Studies In Math</subfield></datafield><datafield ind1=" " ind2=" " tag="852"><subfield code="a">80303</subfield></datafield></record></collection>